%% This BibTeX bibliography file was created using BibDesk.
%% http://bibdesk.sourceforge.net/


%% Created for Patrick Jordan at 2013-06-02 17:17:27 -0700 


%% Saved with string encoding Unicode (UTF-8) 


@string{academic = {Academic Press}}

@string{acmmathsoft = {{ACM} Trans. Math. Software}}

@string{acmpress = {{ACM} Press}}

@string{adamhilger = {Adam Hilger}}

@string{addisonwesley = {Addison-Wesley}}

@string{allynbacon = {Allyn and Bacon}}

@string{amermathmonthly = {Amer. Math. Monthly}}

@string{amersocio = {American Journal of Sociology}}

@string{amerstatassoc = {J. Amer. Statist. Assoc.}}

@string{ams = {American Mathematical Society}}

@string{amstrans = {Amer. Math. Soc. Transl.}}

@string{applmathcomp = {Appl. Math. Comput.}}

@string{birkhauser = {Birkha{\"u}ser}}

@string{bit = {{BIT}}}

@string{britstatpsych = {Brit. J. Math. Statist. Psych.}}

@string{bullams = {Bull. Amer. Math. Soc.}}

@string{cacm = {Commun. {ACM}}}

@string{cambridgepress = {Cambridge University Press}}

@string{canmathbull = {Canad. Math. Bull.}}

@string{chelsea = {Chelsea}}

@string{claredonpress = {Claredon Press}}

@string{compapplmath = {J. Comput. Appl. Math.}}

@string{compjour = {Comput. J.}}

@string{compphys = {J. Comput. Phys.}}

@string{compserv = {Comput. Surveys}}

@string{compstruct = {Comput. \& Structures}}

@string{compsyssci = {J. Comput. System Sci.}}

@string{computer = {{IEEE} Computer}}

@string{computing = {Computing}}

@string{contempmath = {Contemp. Math.}}

@string{crelle = {Crelle's Journal}}

@string{doverpub = {Dover Publications}}

@string{eyolles = {Eyolles}}

@string{giornalemath = {Giorn. Mat.}}

@string{holtrinehartwinston = {Holt, Rinehart and Winston}}

@string{ieeespec = {{IEEE} Spectrum}}

@string{ieeetransac = {{IEEE} Trans. Automat. Control}}

@string{ieeetransaeroelec = {{IEEE} Trans. Aerospace Electron. Systems}}

@string{ieeetranscomp = {{IEEE} Trans. Comput.}}

@string{imanumerana = {{IMA} J. Numer. Anal.}}

@string{infproclet = {Inform. Process. Lett.}}

@string{instmathapp = {J. Inst. Math. Appl.}}

@string{intcontrol = {Internat. J. Control}}

@string{interscience = {Interscience}}

@string{intnumereng = {Internat. J. Numer. Methods Engrg.}}

@string{intsuper = {Internat. J. Supercomputing Applic.}}

@string{jacm = {J. ACM}}

@string{johnshopkinspress = {The Johns Hopkins University Press}}

@string{johnwileysons = {John Wiley and Sons}}

@string{jresnatburstand = {J. Res. Nat. Bur. Standards}}

@string{jsiam = {J. Soc. Indust. Appl. Math.}}

@string{jsiamb = {J. Soc. Indust. Appl. Math. Ser. B Numer. Anal.}}

@string{kibernetika = {Kibernetika}}

@string{linalgapp = {Linear Algebra Appl.}}

@string{macmillan = {Macmillan}}

@string{mathanaappl = {J. Math. Anal. Appl.}}

@string{mathannalen = {Math. Ann.}}

@string{mathcomp = {Math. Comp.}}

@string{mathphys = {J. Math. Phys.}}

@string{mathscand = {Math. Scand.}}

@string{mathworks = {The Math Works Inc.}}

@string{mcgrawhill = {McGraw-Hill}}

@string{natburstd = {National Bureau of Standards}}

@string{northholland = {North-Holland}}

@string{numermath = {Numer. Math.}}

@string{oxfordpress = {Oxford University Press}}

@string{pacificmath = {Pacific J. Math.}}

@string{parcomputing = {Parallel Comput.}}

@string{pardistcomp = {J. Parallel and Distrib. Comput.}}

@string{pergamonpress = {Pergamon Press}}

@string{philmag = {Philos. Mag.}}

@string{plenumpress = {Plenum Press}}

@string{prenticehall = {Prentice-Hall}}

@string{procams = {Proc. Amer. Math. Soc.}}

@string{procieee = {Proc. {IEEE}}}

@string{procnas = {Proc. Nat. Acad. Sci. U. S. A.}}

@string{psychometrika = {Psychometrika}}

@string{quartapplmath = {Quart. Appl. Math.}}

@string{quartmath = {Quart. J. Math. Oxford Ser. (2)}}

@string{revueinststat = {Rev. Inst. Internat. Statist.}}

@string{siamalgmeth = {{SIAM} J. Algebraic Discrete Methods}}

@string{siamappmath = {{SIAM} J. Appl. Math.}}

@string{siamcomp = {{SIAM} J. Comput.}}

@string{siammatrix = {{SIAM} J. Matrix Anal. Appl.}}

@string{siamnumanal = {{SIAM} J. Numer. Anal.}}

@string{siampub = {{SIAM} Publications}}

@string{siamreview = {{SIAM} Rev.}}

@string{siamscistat = {{SIAM} J. Sci. Statist. Comput.}}

@string{signum = {{ACM} {SIGNUM} Newslett.}}

@string{softpracexp = {Software Prac. Experience}}

@string{springer = {Springer-Verlag}}

@string{statscience = {Statist. Sci.}}

@string{tablesaidscomp = {Math. Tables Aids Comput.}}

@string{techno = {Technometrics}}

@string{texaspress = {University of Texas Press}}

@string{transams = {Trans. Amer. Math. Soc.}}

@string{ussrcompmathphys = {{U. S. S. R.} Comput. Math. and Math. Phys.}}

@string{vannostrand = {Van Nostrand}}

@string{vlsicompsys = {J. {VLSI} Comput. Syst.}}

@string{whfreeman = {W. H. Freeman and Co.}}

@string{zangewmathmech = {Z. Angew. Math. Mech.}}

@string{zangewmathphys = {Z. Angew. Math. Phys.}}


@book{Osborne:1994fu,
	Author = {Martin J. Osborne and Ariel Rubinstein},
	Date-Added = {2013-06-03 00:17:22 +0000},
	Date-Modified = {2013-06-03 00:17:22 +0000},
	Publisher = {MIT Press},
	Title = {A Course in Game Theory},
	Year = {1994}}

@article{Acharya:2007pd,
	Author = {Soam Acharya and Prabhakar Krishnamurthy and Ketan Deshpande and Tak Yan and Chi-Chao Chang},
	Date-Added = {2013-06-02 20:40:14 +0000},
	Date-Modified = {2013-06-02 20:40:14 +0000},
	Journal = {WWW-07 Workshop on Sponsored Search Auctions},
	Local-Url = {file://localhost/Users/pjordan/Documents/Papers/Acharya/%7BA%20Simulation%20Framework%20for%20Evaluating%20Designs%20for%20Sponsored.pdf},
	Title = {A Simulation Framework for Evaluating Designs for Sponsored Search Markets},
	Year = {2007}}

@article{Myerson:1981kb,
	Author = {Roger Myerson},
	Date-Added = {2013-06-02 19:15:30 +0000},
	Date-Modified = {2013-06-02 19:15:30 +0000},
	Journal = {Mathematics of Operations Research},
	Pages = {58--73},
	Title = {Optimal auction design},
	Volume = {6},
	Year = {1981}}

@inproceedings{Lahaie:2007ly,
	Address = {San Diego},
	Author = {S\'{e}bastien Lahaie and David M. Pennock},
	Booktitle = {Eighth ACM Conference on Electronic Commerce},
	Date-Added = {2013-06-02 19:13:17 +0000},
	Date-Modified = {2013-06-02 19:13:17 +0000},
	Pages = {50--56},
	Title = {Revenue analysis of a family of ranking rules for keyword auctions},
	Year = {2007}}

@misc{Ostrovsky:2009ve,
	Author = {Michael Ostrovsky and Michael Schwarz},
	Date-Added = {2013-06-02 07:01:59 +0000},
	Date-Modified = {2013-06-02 07:02:40 +0000},
	Howpublished = {Working Paper},
	Month = {December},
	Title = {Reserve Prices in Internet Advertising Auctions: A Field Experiment},
	Year = {2009}}

@article{Edelman:2010ly,
	Author = {Benjamin Edelman and Michael Schwarz},
	Date-Added = {2013-06-02 06:51:32 +0000},
	Date-Modified = {2013-06-02 06:52:54 +0000},
	Journal = {The American Economic Review},
	Number = {2},
	Pages = {pp.597--602},
	Title = {Optimal Auction Design and Equilibrium Selection in Sponsored Search Auctions},
	Volume = {100},
	Year = {2010}}

@misc{Athey:2012zr,
	Author = {Susan Athey and Denis Nekipelov},
	Date-Added = {2013-06-02 05:28:57 +0000},
	Date-Modified = {2013-06-02 05:37:38 +0000},
	Howpublished = {Working Paper},
	Month = {January},
	Title = {A Structural Model of Sponsored Search Advertising Auctions},
	Year = {2012}}

@article{Vickrey:1961ys,
	Author = {William Vickrey},
	Date-Added = {2013-06-02 05:11:22 +0000},
	Date-Modified = {2013-06-02 05:12:01 +0000},
	Journal = {The Journal of Finance},
	Number = {1},
	Pages = {pp.~8--37},
	Title = {Counterspeculation, Auctions, and Competitive Sealed Tenders},
	Volume = {16},
	Year = {1961}}

@article{Edelman:2007vn,
	Author = {Benjamin Edelman and Michael Ostrovsky and Michael Schwarz},
	Date-Added = {2013-06-02 04:15:47 +0000},
	Date-Modified = {2013-06-02 04:16:47 +0000},
	Journal = {American Economic Review},
	Month = {March},
	Number = {1},
	Pages = {pp.~242--259},
	Title = {Internet Advertising and the Generalized Second Price Auction: Selling Billions of Dollars Worth of Keywords},
	Volume = {97},
	Year = {2007}}

@article{Varian:2007kx,
	Author = {Hal Varian},
	Date-Added = {2013-06-02 04:13:41 +0000},
	Date-Modified = {2013-06-02 04:14:34 +0000},
	Journal = {International Journal of Industrial Organization},
	Pages = {pp.~1163--1178},
	Title = {Position auctions},
	Volume = {25},
	Year = {2007}}

@article{Jansen:2008uq,
	Author = {Bernard J. Jansen and Tracy Mullen},
	Date-Added = {2013-06-01 21:33:55 +0000},
	Date-Modified = {2013-06-01 21:37:02 +0000},
	Journal = {International Journal of Electronic Business},
	Number = {2},
	Pages = {pp.~114--131},
	Title = {Sponsored Search: An Overview of the Concept, History, and Technology},
	Volume = {6},
	Year = {2008}}

@article{Fain:2006fk,
	Author = {Daniel C. Fain and Jan O. Pedersen},
	Date-Added = {2013-06-01 21:24:41 +0000},
	Date-Modified = {2013-06-01 21:37:52 +0000},
	Journal = {Bulletin of the American Society for Information Science and Technology},
	Number = {2},
	Pages = {pp.~12--13},
	Title = {Sponsored Search: A Brief History},
	Volume = {32},
	Year = {2006}}
